@article{MEY:GOE:MCH:BAR:BEK:CLA:KAL:LIN:RUP:GIE:PUE:2003,
    author = {Folker Meyer and Alexander Goesmann and Alice C. McHardy and Daniela Bartels and Thomas Bekel and J"orn Clausen and J"orn Kalinowski and Burkhard Linke and Oliver Rupp and Robert Giegerich and Alfred P"uhler},
    title = {GenDB -- an open source genome annotation system for prokaryote genomes},
    journal = {Nucleic Acids Research},
    year = {2003},
    volume = {31},
    number = {8},
    pages = {2187-2195}
}

@article{SWISSPROT,
  author = {Boeckmann, B. and Bairoch, A. and Apweiler, R. and Blatter, M.-C.
        and Estreicher, A. and Gasteiger, E. and Martin, M.J. and Michoud,
        K. and O'Donovan, C. and Phan, I. and Pilbout, S and Schneider, M.},
  title = {{The SWISS-PROT protein knowledgebase and its supplement TrEMBL}},
  journal = {Nucleic Acids Res.},
  year = {2003},
  volume = {31},
  pages = {354-370},
  optmonth = {Jan},
  optnumber = {1},
}

@article{BLAST,
	address = {National Center for Biotechnology Information, National Library of Medicine, National Institutes of Health, Bethesda, MD 20894.},
	author = {Altschul, S. F.  and Gish, W.  and Miller, W.  and Myers, E. W.  and Lipman, D. J. },
	doi = {10.1006/jmbi.1990.9999},
	issn = {0022-2836},
	journal = {J Mol Biol},
	month = {October},
	number = {3},
	pages = {403--410},
	title = {Basic local alignment search tool.},
	volume = {215},
	year = {1990}
}

@article{454SEQ,
	author = {Margulies, Marcel and Egholm, Michael and Altman, William  E.  and Attiya, Said   and Bader, Joel  S.  and Bemben, Lisa  A.  and Berka, Jan   and Braverman, Michael  S.  and Chen, Yi-Ju   and Chen, Zhoutao   and Dewell, Scott  B.  and Du, Lei   and Fierro, Joseph  M.  and Gomes, Xavier  V.  and Godwin, Brian  C.  and He, Wen   and Helgesen, Scott   and Ho, Chun  H.  and Irzyk, Gerard  P.  and Jando, Szilveszter  C.  and Alenquer, Maria  L. I.  and Jarvie, Thomas  P.  and Jirage, Kshama  B.  and Kim, Jong-Bum   and Knight, James  R.  and Lanza, Janna  R.  and Leamon, John  H.  and Lefkowitz, Steven  M.  and Lei, Ming   and Li, Jing   and Lohman, Kenton  L.  and Lu, Hong   and Makhijani, Vinod  B.  and Mcdade, Keith  E.  and Mckenna, Michael  P.  and Myers, Eugene  W.  and Nickerson, Elizabeth   and Nobile, John  R.  and Plant, Ramona   and Puc, Bernard  P.  and Ronan, Michael  T.  and Roth, George  T.  and Sarkis, Gary  J.  and Simons, Jan  F.  and Simpson, John  W.  and Srinivasan, Maithreyan   and Tartaro, Karrie  R.  and Tomasz, Alexander   and Vogt, Kari  A.  and Volkmer, Greg  A.  and Wang, Shally  H.  and Wang, Yong   and Weiner, Michael  P.  and Yu, Pengguang   and Begley, Richard  F.  and Rothberg, Jonathan  M. },
	issn = {0028-0836},
	journal = {Nature},
	keywords = {sequencing technology},
	month = {July},
	publisher = {Nature Publishing Group},
	title = {Genome sequencing in microfabricated high-density picolitre reactors},
	year = {2005}
}

@ARTICLE{INTERPRO,
  author = {Apweiler, R. and Attwood, T.K. and Bairoch, A. and Bateman, A. and Birney, E. and Biswas, M. and Bucher, P. and Cerutti, L. and Corpet, F. and Croning, M.D.R. and Durbin, R. and Falquet, L. and Fleischmann, W. and Gouzy, J. and Hermjakob, H. and Hulo, N. and Jonassen, I. and Kahn, D. and Kanapin, A. and Karavidopoulou, Y. and Lopez, R. and Marx, B. and Mulder, N.J.and Oinn, T.M. and Pagni, M. and Servant, F. and Sigrist, C.J.A. and Zdobnov, E. M.},
  title = {The InterPro database, an integrated documentation resource for protein families, domains and functional sites.},
  journal = {Nucleic Acids Res.},
  year = {2001},
  volume = {29},
  pages = {37-40},
  number = {1},
}

@ARTICLE{COG,
  author = {Tatusov, R.L. and Natale D.A. and Garkavtsev I.V. and Tatusova T.A. and Shankavaram U.T. and Rao B.S. and Kiryutin B. and Galperin M.Y. and Fedorova N.D. and Koonin E.V.},
  title = {The COG database: new developments in phylogenetic classification of proteins from complete genomes.},
  journal = {Nucleic Acids Res.},
  year = {2001},
  volume = {29},
  pages = {22-8},
  number = {1},
}

@article{SANGER,
	author = {Sanger, F.  and Nicklen, S.  and Coulson, A. R. },
	issn = {0027-8424},
	journal = {Proc Natl Acad Sci U S A},
	month = {December},
	number = {12},
	pages = {5463--5467},
	title = {DNA sequencing with chain-terminating inhibitors.},
	volume = {74},
	year = {1977}
}

@article{GLIMMER,
	author = {Delcher, A. L.  and Harmon, D.  and Kasif, S.  and White, O.  and Salzberg, S. L. },
	comment = {glimmer},
	issn = {0305-1048},
	journal = {Nucleic Acids Res},
	keywords = {grammarpaper},
	month = {December},
	number = {23},
	pages = {4636--4641},
	priority = {0},
	title = {Improved microbial gene identification with GLIMMER.},
	volume = {27},
	year = {1999}
}

@article{CRITICA,
	author = "Jonathan H. Badger and Gary J. Olsen",
	comment = {critica},
	title = "CRITICA: Coding Region Identification Tool Invoking Comparative Analysis" ,
	journal={Molecular Biology and Evolution},
	volume={16},
	year={1999}
}

@article{BIOMOBY,
  author    = {Mark D. Wilkinson and Matthew Links},
  title     = {BioMOBY: An Open Source Biological Web Services Proposal.},
  journal   = {Briefings in Bioinformatics},
  volume    = {3},
  number    = {4},
  year      = {2002},
  pages     = {331-341}
}

@article{ENSEMBL,
  author = {Tim J. P. Hubbard and B. L. Aken and K. Beal and B. Ballester and Mario C{\'a}ccamo and Yuan Chen and Laura Clarke and G. Coates and Fiona Cunningham and Tim Cutts and Thomas Down and S. C. Dyer and S. Fitzgerald and J. Fernandez-Banet and S. Graf and S. Haider and Martin Hammond and J. Herrero and R. Holland and K. Howe and K. Howe and N. Johnson and Andreas K{\"a}h{\"a}ri and Damian Keefe and Felix Kokocinski and Eugene Kulesha and Daniel Lawson and I. Longden and Craig Melsopp and Karine Megy and Patrick Meidl and B. Ouverdin and A. Parker and Andreas Prlic and S. Rice and D. Rios and M. Schuster and I. Sealy and J. Severin and Guy Slater and Damian Smedley and G. Spudich and S. Trevanion and A. Vilella and J. Vogel and S. White and M. Wood and Tony Cox and Val Curwen and Richard Durbin and X. M. Fernandez-Suarez and Paul Flicek and Arek Kasprzyk and Glenn Proctor and S. Searle and James Smith and Abel Ureta-Vidal and Ewan Birney},
  title     = {Ensembl 2007.},
  journal   = {Nucleic Acids Research},
  volume    = {35},
  number    = {Database-Issue},
  year      = {2007},
  pages     = {610-617},
  ee        = {http://dx.doi.org/10.1093/nar/gkl996}
}

@article{ARTEMIS,
  author    = {Kim Rutherford and Julian Parkhill and James Crook and Terry Horsnell and Peter Rice and Marie-Ad{\`e}le Rajandream and Bart Barrell},
  title     = {Artemis: sequence visualization and annotation.},
  journal   = {Bioinformatics},
  volume    = {16},
  number    = {10},
  year      = {2000},
  pages     = {944-945}
}

@misc{XMLRPC,
    author = {Dave Winer},
    title = {XML-RPC Specification},
    howpublished = "\url{http://www.xmlrpc.com/spec}",
    year={1999}
}

@book{HMMER,
  author = {R. Durbin and S. Eddy and A. Krogh and G. Mitchison},
  title = "Biological sequence analysis: probabilistic models of proteins and nucleic acids",
  isbn = {0521629713},
  howpublished = {Paperback},
  publisher = {{Cambridge University Press}},
  year = "1998"
}


@Book{DBI,
  author =       "Alligator Descartes and Tim Bunce",
  title =        "Programming the {Perl DBI}",
  publisher =    {O'Reilly \& Associates, Inc.},
  year =         "2000",
  ISBN =         "1-56592-699-4"
}

@Book{SQLITE,
 author = {Mike Owens},
 title = {The Definitive Guide to SQLite (Definitive Guide)},
 year = {2006},
 isbn = {1590596730},
 publisher = {Apress},
 address = {Berkeley, CA, USA},
}

@misc{JAVA,
    title = {Java},
    key = {Java},
    howpublished = "\url{http://java.sun.com/}"
}

@book{CSHARP,
    author = {Anders Hejlsberg and Scott Wiltamuth and Peter Golde},
    title = {C\# Language Specification},
    year = {2003},
    isbn = {0321154916},
    publisher = {Addison-Wesley Longman Publishing Co., Inc.},
    address = {Boston, MA, USA},
}


@misc{CPAN,
    title = {CPAN - The Comprehensive Perl Archive Network},
    key = {CPAN},
    howpublished = "\url{http://www.cpan.org/}"
}

@misc{HTTPDOC,
    author = {{The Apache Software Foundation}},
    title = {Apache HTTP Server Version 2.2 Documentation},
    key = {Apache},
    howpublished = "\url{http://httpd.apache.org/docs/2.2/}"
}

@misc{APACHE,
    author = {{The Apache Software Foundation}},
    title = {The Apache HTTP Server Project},
    key = {Apache},
    howpublished = "\url{http://httpd.apache.org/}"
}

@misc{MODPERL,
    author = {{The Apache Software Foundation}},
    title = "mod\_perl",
    howpublished = "\url{http://perl.apache.org/}"
}

@misc{MODPERLDOC,
    author = {{The Apache Software Foundation}},
    title = "mod\_perl 2.0 Documentation",
    howpublished = "\url{http://perl.apache.org/docs/2.0/index.html}"
}

@article{GO,
        author = {Ashburner, M. and Ball, C. A. and Blake, J. A. and Botstein, D. and Butler, H. and Cherry, J. M. and Davis, A. P. and Dolinski, K. and Dwight, S. S. and Eppig, J. T. and Harris, M. A. and Hill, D. P. and Issel-Tarver, L. and Kasarskis, A. and Lewis, S. and Matese, J. C. and Richardson, J. E. and Ringwald, M. and Rubin, G. M. and Sherlock, G. },
        title = {Gene ontology: tool for the unification of biology. The Gene Ontology Consortium.},
        doi = {10.1038/75556},
        issn = {1061-4036},
        journal = {Nat Genet},
        month = {May},
        number = {1},
        pages = {25--29},
        volume = {25},
        year = {2000}
}

@article{PB4,
        author = {Tauch, A. and Schl"uter, A. and Bischoff, N. and Goesmann, A. and Meyer, F. and P"uhler, A.},
        title = {The 79,370-bp conjugative plasmid pB4 consists of an IncP-1beta backbone loaded with a chromate resistance transposon, the strA-strB streptomycin resistance gene pair, the oxacillinase gene bla(NPS-1), and a tripartite antibiotic efflux system of the resistance-nodulation-division family.},
        journal = {Mol Genet Genomics},
        issn = {1617-4615},
        month = {Feb},
        year = {2003}
}

@misc{GPMS,
    title = {GPMS - Generic Project Management System},
    howpublished = "\url{http://www.cebitec.uni-bielefeld.de/groups/brf/software/gpms/}"
}

@misc{SOAPLITE,
    author = {Paul Kulchenko and Byrne Reese},
    title = {SOAP::Lite for Perl},
    howpublished = "\url{http://www.soaplite.com/}"
}

@TECHREPORT{O2DBI1,
  author = {J\"orn Clausen},
  title = {{O2DBI}},
  institution = {Universit{\"a}t Bielefeld, Technische Fakult\"at},
  year = {2000},
}

@MastersThesis{O2DBI,
    author = {Burkhard Linke},
    title = {O2DBI II - ein Persistenz-Layer f"ur Perl-Objekte},
    school = {Universit{\"a}t Bielefeld},
    type = {Diplomarbeit},
    year = {2002}
}

@MastersThesis{BIBIWS,
    author = {Henning Mersch},
    title = {BiBiWS - Ein Framework f"ur die Entwicklung asynchroner WebServices auf dem BiBiServ},
    school = {Universit{\"a}t Bielefeld},
    type = {Diplomarbeit},
    year = {2004}
}

@misc{W3CWS,
    author = {W3C},
    title = {W3C Web Services Working Groups},
    year = {2002},
    howpublished = "\url{http://www.w3.org/2002/ws/}"
}

@misc{SOAP,
    author = {Martin Gudgin and Marc Hadley and Noah Mendelsohn and Jean-Jacques Moreau and Henrik Frystyk Nielsen},
    title = {SOAP Version 1.2 specification},
    year = {2003},
    howpublished = "\url{http://www.w3.org/TR/soap12/}"
}

@misc{XPATH,
    author = {James Clark and Steve DeRose},
    title = {XML Path Language (XPath) Version 1.0},
    year = {1999},
    howpublished = "\url{http://www.w3.org/TR/xpath}"
}

@misc{XSL,
    author = {Anders Berglund},
    title = {Extensible Stylesheet Language (XSL) Version 1.1},
    year = {2006},
    howpublished = "\url{http://www.w3.org/TR/xsl/}"
}

@misc{RELAXNG,
    author = {James Clark and Murata Makoto},
    title = {RELAX NG Specification},
    year = {2001},
    howpublished = "\url{http://relaxng.org/spec-20011203.html}"
}

@misc{XMLSCHEMA,
    author = {David Beech and Paul V. Biron and David C. Fallside and Ashok Malhotra and Murray Maloney and Noah Mendelsohn and Henry S. Thompson and Priscilla Walmsley},
    title = {XML Schema},
    year = {2004},
    howpublished = "\url{http://www.w3.org/TR/xmlschema-0/}"
}

@misc{WSARCH,
    author = {W3C},
    title = {Web Services Architecture},
    year = {2004},
    howpublished = "\url{http://www.w3.org/TR/2004/NOTE-ws-arch-20040211/}"
}

@misc{WSDL,
    author = {Erik Christensen and Francisco Curbera and Greg Meredith and Sanjiva Weerawarana},
    title = {Web Services Description Language (WSDL) 1.1},
    year = {2001},
    howpublished = "\url{http://www.w3.org/TR/wsdl}"
}

@book{Ray:2002:PWS,
    author = {Randy J. Ray and Pavel Kulchenko},
    title = {Programming {Web} Services with {Perl}},
    publisher = {O'Reilly \& Associates, Inc.},
    year = {2003},
    ISBN = {0-596-00206-8}
}

@Book{Bekman:2003:PM,
  author =       "Stas Bekman and Eric Cholet",
  title =        "Practical mod\_perl",
  publisher = {O'Reilly \& Associates, Inc.},
  year =         "2003",
  ISBN =         "0-596-00227-0"
}

@Book{Laurie:2002:ADG,
  author =       "Ben Laurie and Peter Laurie",
  title =        "{Apache}: The Definitive Guide",
  publisher = {O'Reilly \& Associates, Inc.},
  year =         "2002",
  ISBN =         "0-596-00203-3"
}

@misc{OSSL,
    title = {OpenSSL: The Open Source toolkit for SSL/TLS},
    key = {OpenSSL},
    howpublished = "\url{http://www.openssl.org/}"
}

@misc{X509,
    author = {{ITU-T Recommendation}},
    title = {Information technology - Open Systems Interconnection - The Directory: Public-key and attribute certificate frameworks},
    year = {2005}
}

@Manual{XMLREC,
    author       = {Tim Bray and Jean Paoli and {C. M.} Sperberg-McQueen and Eve Maler and Fran{\c{c}}ois Yergeau and John Cowan},
    title        = {Extensible Markup Language (XML) 1.1},
    organization = {World Wide Web Consortium},
    year         = 2004,
    language     = {german},
}

@Manual{SGML,
    author       = {{ISO~8879:1986}},
    title        = {Text and office systems -- {S}tandard {G}eneralized {M}arkup {L}anguage ({SGML})},
    organization = {International Organization for Standardization},
    address      = {Geneva},
    year         = 1986,
}

@book{LOBIN,
   year = {2001},
   title = {{Informationsmodellierung in XML und SGML}},
   address = {Berlin et al.},
   publisher = {Springer},
   author = {Henning Lobin}
}
